@article{alawad_learning_2020,
	title = {Learning {From} {Accidents}: {Machine} {Learning} for {Safety} at {Railway} {Stations}},
	volume = {8},
	issn = {2169-3536},
	shorttitle = {Learning {From} {Accidents}},
	url = {https://ieeexplore.ieee.org/document/8941092/},
	doi = {10.1109/ACCESS.2019.2962072},
	urldate = {2022-10-20},
	journal = {IEEE Access},
	author = {Alawad, Hamad and Kaewunruen, Sakdirat and An, Min},
	year = {2020},
	pages = {633--648}
}

@article{EDIEKMANN199275,
title = {Risk analysis: lessons from artificial intelligence},
journal = {International Journal of Project Management},
volume = {10},
number = {2},
pages = {75-80},
year = {1992},
issn = {0263-7863},
doi = {https://doi.org/10.1016/0263-7863(92)90059-I},
url = {https://www.sciencedirect.com/science/article/pii/026378639290059I},
author = {J {E Diekmann}},
keywords = {risk analysis, probability, cost estimating, Monte Carlo methods, influence diagrams, fuzzy set theory}
}

@article{song_decision_2015,
	title = {Decision tree methods: applications for classification and prediction},
	volume = {27},
	issn = {1002-0829},
	shorttitle = {Decision tree methods},
	url = {https://www.ncbi.nlm.nih.gov/pmc/articles/PMC4466856/},
	doi = {10.11919/j.issn.1002-0829.215044},
	number = {2},
	urldate = {2022-11-26},
	journal = {Shanghai Archives of Psychiatry},
	author = {SONG, Yan-yan and LU, Ying},
	month = apr,
	year = {2015},
	pmid = {26120265},
	pmcid = {PMC4466856},
	pages = {130--135},
	file = {PubMed Central Full Text PDF:/home/aca/Zotero/storage/9FDRB8QM/SONG and LU - 2015 - Decision tree methods applications for classifica.pdf:application/pdf},
}

@article{gilbert_2017,  author={Gibert, Xavier and Patel, Vishal M. and Chellappa, Rama},  journal={IEEE Transactions on Intelligent Transportation Systems},   title={Deep Multitask Learning for Railway Track Inspection},   year={2017},  volume={18},  number={1},  pages={153-164},  doi={10.1109/TITS.2016.2568758}}


@article{jiang_fast_2019,
	title = {Fast classification for rail defect depths using a hybrid intelligent method},
	volume = {180},
	issn = {0030-4026},
	url = {https://www.sciencedirect.com/science/article/pii/S0030402618317984},
	doi = {https://doi.org/10.1016/j.ijleo.2018.11.053},
	journal = {Optik},
	author = {Jiang, Yi and Wang, Haitao and Tian, Guiyun and Yi, Qiuji and Zhao, Jiyuan and Zhen, Kai},
	year = {2019},
	keywords = {Defect depth classification, Feature fusion, Hybrid intelligent method, Laser ultrasonic technology (LUT), Non-destructive testing},
	pages = {455--468},
}

@inproceedings{heidarysafa_analysis_2018,
	title = {Analysis of {Railway} {Accidents}' {Narratives} {Using} {Deep} {Learning}},
	doi = {10.1109/ICMLA.2018.00235},
	booktitle = {2018 17th {IEEE} {International} {Conference} on {Machine} {Learning} and {Applications} ({ICMLA})},
	author = {Heidarysafa, Mojtaba and Kowsari, Kamran and Barnes, Laura and Brown, Donald},
	month = dec,
	year = {2018},
	keywords = {Accidents, Deep learning, Machine learning, Neural networks, Rail accidents, Safety, Safety engineering, Text categorization, Text mining},
	pages = {1446--1453}
}


@article{han_deep_2020,
	title = {Deep learning-based visual ensemble method for high-speed railway catenary clevis fracture detection},
	volume = {396},
	issn = {09252312},
	url = {https://linkinghub.elsevier.com/retrieve/pii/S0925231219304916},
	doi = {10.1016/j.neucom.2018.10.107},
	language = {en},
	urldate = {2022-11-02},
	journal = {Neurocomputing},
	author = {Han, Ye and Liu, Zhigang and Lyu, Yang and Liu, Kai and Li, Changjiang and Zhang, Wenxuan},
	month = jul,
	year = {2020},
	pages = {556--568},
}

@inproceedings{bikov_railway_2017,
	title = {Railway {Incident} {Ranking} with {Machine} {Learning}},
	doi = {10.1109/ICMLA.2017.00-95},
	booktitle = {2017 16th {IEEE} {International} {Conference} on {Machine} {Learning} and {Applications} ({ICMLA})},
	author = {Bikov, Evgeni and Boyko, Pavel and Sokolov, Evgeny and Yarotsky, Dmitry},
	month = dec,
	year = {2017},
	keywords = {Rail transportation, Data models, Databases, Feature extraction, Incident-ranking, Libraries, Maintenance engineering, Predictive models, railway-incidents, XGBoost},
	pages = {601--606}
}


@book{kotu_data_2019,
	address = {Cambridge, MA},
	edition = {Second edition},
	title = {Data science: concepts and practice},
	isbn = {978-0-12-814762-7},
	shorttitle = {Data science},
	language = {eng},
	publisher = {Morgan Kaufmann Publishers, an imprint of Elsevier},
	author = {Kotu, Vijay and Deshpande, Balachandre},
	year = {2019},
	note = {OCLC: 1076873218}
}

@article{stehman_selecting_1997,
	title = {Selecting and interpreting measures of thematic classification accuracy},
	volume = {62},
	issn = {00344257},
	url = {https://linkinghub.elsevier.com/retrieve/pii/S0034425797000837},
	doi = {10.1016/S0034-4257(97)00083-7},
	language = {en},
	number = {1},
	urldate = {2022-11-26},
	journal = {Remote Sensing of Environment},
	author = {Stehman, Stephen V.},
	month = oct,
	year = {1997},
	pages = {77--89}
}


@misc{olakka,
	title = {Classification: True vs. False and Positive vs. Negative {\textbar} Machine Learning {\textbar} Google {Developers}},
	author = {Google},
	howpublished = {\url{https://developers.google.com/machine-learning/crash-course/classification/true-false-positive-negative}},
	year = 2022,
	urldate = {2022-11-02}
}



@misc{edureka_decision_2018,
	title = {Decision {Tree} {Algorithm} {\textbar} {Decision} {Tree} in {Python} {\textbar} {Machine} {Learning} {Algorithms} {\textbar} {Edureka}},
	howpublished = {\url{https://www.youtube.com/watch?v=qDcl-FRnwSU}},
	urldate = {2022-11-02},
	author = {{edureka!}},
	month = jun,
	year = {2018}
}


@book{skiena_data_2017,
	address = {Cham},
	series = {Texts in {Computer} {Science}},
	title = {The {Data} {Science} {Design} {Manual}},
	isbn = {978-3-319-55443-3 978-3-319-55444-0},
	url = {http://link.springer.com/10.1007/978-3-319-55444-0},
	urldate = {2022-11-28},
	publisher = {Springer International Publishing},
	author = {Skiena, Steven S.},
	year = {2017},
	doi = {10.1007/978-3-319-55444-0},
	file = {Full Text:/home/aca/Zotero/storage/FE4GRCJB/Skiena - 2017 - The Data Science Design Manual.pdf:application/pdf},
}


@misc{roc,
	author = {Google},
	year = {2022},
	title = {Classification: {ROC} {Curve} and {AUC} {\textbar} {Machine} {Learning}},
	shorttitle = {Classification},
	url = {https://developers.google.com/machine-learning/crash-course/classification/roc-and-auc},
	language = {en},
	urldate = {2022-11-28},
	journal = {Google Developers}
}